@Misc{hid-sp18-407-spark-Aven,
    title = {Apache Spark},
    howpublished = {Paperback},
    timestamp  = {},
    Url = {https://en.wikipedia.org/wiki/Watson (computer)}
}

@Misc{hid-sp18-407-spark-Aven,
    title = {Apache Spark},
    howpublished = {Paperback},
    timestamp  = {},
    Url = {https://en.wikipedia.org/wiki/Watson (computer)}
}

@Misc{hid-sp18-407-spark-Aven,
    title = {Apache Spark},
    howpublished = {Paperback},
    timestamp  = {},
    Url = {https://en.wikipedia.org/wiki/Watson (computer)}
}

@Misc{hid-sp18-407-spark-Aven,
    title = {Apache Spark},
    howpublished = {Paperback},
    timestamp  = {},
    Url = {https://en.wikipedia.org/wiki/Watson (computer)}
}

@Misc{hid-sp18-407-spark-Aven,
    title = {Apache Spark},
    howpublished = {Paperback},
    timestamp  = {},
    Url = {https://en.wikipedia.org/wiki/Watson (computer)}
}

@Misc{hid-sp18-407-spark-Aven,
    title = {Apache Spark},
    howpublished = {Paperback},
    timestamp  = {},
    Url = {https://en.wikipedia.org/wiki/Watson (computer)}
}
