@MISC {hid-sp18-407-kudu-intro,
    author       = "Lipcon, et al",
    title        = "Kudu: Storage for Fast Analytics on Fast Data",
    howpublished = "Web",
    month        = "sep",
    year         = "2015",
    Url          = "https://kudu.apache.org/kudu.pdf"
}

@MISC {hid-sp18-407-impala-intro,
    author       = "Kornacker, et al",
    title        = "Impala: A Modern, Open-Source SQL Engine for Hadoop",
    howpublished = "Web",
    year         = "2012",
    note         = "Add URL column: http://cidrdb.org/cidr2015/Papers/CIDR15_Paper28.pdf"
}

@MISC {hid-sp18-407-raft-algo,
    author       = "Ongaro, Ousterhout",
    title        = "In Search of an Understandable Consensus Algorithm",
    howpublished = "Web",
    year         = "2015",
    note         = "Add URL column: https://raft.github.io/raft.pdf"
}

@MISC {hid-sp18-407-benchmarking-kudu,
    author       = "Boris Tyukin",
    title        = "Benchmarking Impala on Kudu vs Parquet",
    howpublished = "Web",
    month        = "January",
    year         = "2018",
    note         = "Add URL column: Benchmarking Impala on Kudu vs Parquet"
}

@MISC {hid-sp18-407-comparison-hadoop,
    author       = "Zbigniew Baranowski",
    title        = "Performance comparison of different file formats and storage engines in the Apache Hadoop ecosystem",
    howpublished = "Web",
    month        = "Feb",
    year         = "2017",
    note         = "Add URL column: https://blog.cloudera.com/blog/2017/02/performance-comparing-of-different-file-formats-and-storage-engines-in-hadoop-file-system/"
}

@MISC {hid-sp18-407-kudu-schema-design,
    author       = "Apache",
    title        = "Apache Kudu Schema Design",
    howpublished = "Web",
    year         = "2015",
    note         = "Add URL column: https://kudu.apache.org/docs/schema_design.html"
}

@MISC {hid-sp18-407-parquet-encoding,
    author       = "Tim Armstrong",
    title        = "Parquet encoding Definitions",
    howpublished = "Web",
    month        = "May",
    year         = "2018",
    note         = "Add URL column: https://github.com/apache/parquet-format/blob/master/Encodings.md"
}

@MISC {hid-sp18-407-kudu-consistency,
    author       = "David Alves",
    title        = "Consistency in Apache Kudu",
    howpublished = "Web",
    month        = "September",
    year         = "2017",
    note         = "Add URL column: https://kudu.apache.org/2017/09/18/kudu-consistency-pt1.html"
}

@MISC {hid-sp18-407-impala-overview,
    author       = "Cloudera",
    title        = "Cloudera Impala Overview",
    howpublished = "Web",
    year         = "2015",
    note         = "Add URL column: https://www.cloudera.com/documentation/enterprise/5-3-x/topics/impala_intro.html"
}

@MISC {hid-sp18-407-kudu-impala-integration,
    author       = "Greg Rahn",
    title        = "Apache Kudu and Apache Impala (Incubating): The Integration Roadmap",
    howpublished = "Web",
    month        = "September",
    year         = "2016",
    note         = "Add URL column: https://blog.cloudera.com/blog/2016/09/apache-kudu-and-apache-impala-incubating-the-integration-roadmap/"
}

@MISC {hid-sp18-407-cloudera-donates,
    author       = "David Ramel",
    title        = "Cloudera to Donate Impala and Kudu Big Data Projects to Apache",
    howpublished = "Web",
    month        = "November",
    year         = "2015",
    note         = "Add URL column: https://adtmag.com/articles/2015/11/18/cloudera-donates-projects.aspx"
}

@inproceedings{Ramamurthy:2002:CFM:1287369.1287407,
 author = {Ramamurthy, Ravishankar and DeWitt, David J. and Su, Qi},
 title = {A Case for Fractured Mirrors},
 booktitle = {Proceedings of the 28th International Conference on Very Large Data Bases},
 series = {VLDB '02},
 year = {2002},
 location = {Hong Kong, China},
 pages = {430--441},
 numpages = {12},
 url = {http://dl.acm.org/citation.cfm?id=1287369.1287407},
 acmid = {1287407},
 publisher = {VLDB Endowment},
}

@MISC{2017ascl.soft12004M,
   author = {{Masui}, K.},
    title = "{Bitshuffle: Filter for improving compression of typed binary data}",
 keywords = {Software },
howpublished = {Astrophysics Source Code Library},
     year = 2017,
    month = dec,
archivePrefix = "ascl",
   eprint = {1712.004},
   adsurl = {http://adsabs.harvard.edu/abs/2017ascl.soft12004M},
  adsnote = {Provided by the SAO/NASA Astrophysics Data System}
}

